<?xml version="1.0" encoding="UTF-8"?><collection xmlns="http://www.loc.gov/MARC21/slim"><record><leader>00492nam--2200193-u-4500</leader><controlfield tag="001">000055329</controlfield><controlfield tag="002">20161230</controlfield><controlfield tag="005">20161230201052</controlfield><controlfield tag="008">130121s1000------------r-----000-0-rus-d</controlfield><datafield ind1=" " ind2=" " tag="040"><subfield code="a">IFIN-HH</subfield></datafield><datafield ind1=" " ind2=" " tag="041"><subfield code="a">rus</subfield></datafield><datafield ind1=" " ind2=" " tag="080"><subfield code="a">546.45:539.373</subfield></datafield><datafield ind1="1" ind2=" " tag="100"><subfield code="a">Papirov, I.I</subfield></datafield><datafield ind1="1" ind2="0" tag="245"><subfield code="a">Plasticeskaia deformatia berillia</subfield><subfield code="c">I.i. papirov, g.f. tihinskii</subfield></datafield><datafield ind1=" " ind2=" " tag="260"><subfield code="a">Moskva</subfield><subfield code="b">Atomizdat</subfield><subfield code="c">1973</subfield></datafield><datafield ind1=" " ind2=" " tag="300"><subfield code="a">304P</subfield></datafield><datafield ind1="1" ind2=" " tag="700"><subfield code="a">Tihinskii, G.F</subfield></datafield><datafield ind1=" " ind2=" " tag="852"><subfield code="a">40604</subfield><subfield code="c">539.3</subfield></datafield><datafield ind1=" " ind2=" " tag="CAT"><subfield code="a">Sys</subfield><subfield code="c">20130121</subfield><subfield code="h">135830</subfield></datafield></record></collection>